@article{referencia1,
  author = {Autor, Ejemplo},
  title = {Título del Artículo},
  journal = {Nombre del Diario},
  year = {2024},
  volume = {1},
  pages = {1-10}
}

